/home/gortiz/LatexPack/referencias.bib